@book{huybrechts,
  title={Fourier-Mukai Transforms in Algebraic Geometry},
  author={Huybrechts, D.},
%  isbn={9780199296866},
%  lccn={2006298244},
  series={Oxford Mathematical Monographs},
  url={https://books.google.it/books?id=9HQTDAAAQBAJ},
  year={2006},
  publisher={Clarendon Press}
}

@MISC {FMidea,
    TITLE = {Heuristic behind the Fourier-Mukai transform},
    AUTHOR = {Kevin H. Lin}, %(https://mathoverflow.net/users/83/kevin-h-lin)},
    HOWPUBLISHED = {MathOverflow},
    NOTE = {URL:https://mathoverflow.net/q/9840 (version: 2017-04-13)},
%    EPRINT = {https://mathoverflow.net/q/9840},
    URL = {https://mathoverflow.net/q/9840}
}

@book{riehl,
  title={Category Theory in Context},
  author={Riehl, E.},
%  isbn={9780486820804},
  series={Aurora: Dover Modern Math Originals},
%  url={https://books.google.it/books?id=6B9MDgAAQBAJ},
  url={https://math.jhu.edu/~eriehl/context.pdf},
  year={2017},
  publisher={Dover Publications}
}


@book{borceux,
   title =     {Handbook of Categorical Algebra: Volume 2, Categories and Structures},
   author =    {Francis Borceux},
   publisher = {Cambridge University Press},
%   isbn =      {052144179X; 9780521441797},
   year =      {1995},
   series =    {Encyclopedia of Mathematics and its Applications},
   edition =   {1},
}


@MISC{coprod-rings,
    TITLE = {How to construct the coproduct of two (non-commutative) rings},
    AUTHOR = {StackExchange},
    HOWPUBLISHED = {Mathematics Stack Exchange},
%    NOTE = {URL:https://math.stackexchange.com/q/625874 (version: 2019-06-11)},
    year={2019},
%    EPRINT = {https://math.stackexchange.com/q/625874},
    URL = {https://math.stackexchange.com/q/625874}
}

@book{freyd,
  title={Abelian Categories: An Introduction to the Theory of Functors},
  author={Freyd, P.},
  isbn={9780598553348},
  %lccn={64012785},
  series={A Harper international edition},
  url={http://www.tac.mta.ca/tac/reprints/articles/3/tr3abs.html},
  year={1964},
  publisher={Harper \& Row}
}

@MISC{perego,
    TITLE = {Note del corso di Geometria Superiore~2},
    AUTHOR = {Perego, A.},
    %HOWPUBLISHED = {Mathematics Stack Exchange},
    %NOTE = {URL:https://math.stackexchange.com/q/625874 (version: 2019-06-11)},
    year={2022},
    %EPRINT = {https://math.stackexchange.com/q/625874},
    URL = {https://unige.it/off.f/2021/ins/51503}
}

@book{ruiter,
  title={Homology in an Abelian Category},
  author={Ruiter, J.},
  url={https://users.math.msu.edu/users/ruiterj2/math/},
  year={2019},
  publisher = {Michigan State University},
}

@MISC{hom-eq-def,
    TITLE = {About equivalent definitions of cohomology in abelian categories},
    AUTHOR = {Giorgio Mossa},
    HOWPUBLISHED = {Mathematics Stack Exchange},
    NOTE = {(version: 2018-05-24)},
    year={2018},
%    EPRINT = {https://math.stackexchange.com/q/2794765},
    URL = {https://math.stackexchange.com/q/2794765}
}

@MISC {ab-eq-def,
    TITLE = {Equivalent conditions for a preabelian category to be abelian},
    AUTHOR = {t.b.},
    HOWPUBLISHED = {Mathematics Stack Exchange},
    NOTE = {(version: 2017-04-13)},
    year={2017},
%    EPRINT = {https://math.stackexchange.com/q/45239},
    URL = {https://math.stackexchange.com/q/45239}
}

@book{neeman,
  title={Triangulated Categories},
  author={Neeman, A.},
%  isbn={9780691086859},
%  lccn={99006088},
  series={Annals of mathematics studies},
  url={https://books.google.it/books?id=dQO5tAEACAAJ},
  year={2001},
  publisher={Princeton University Press}
}

@book{mclane,
  title={Categories for the Working Mathematician},
  author={Lane, S.M. and Axler, S.J. and Springer-Verlag (Nowy Jork). and Gehring, F.W. and Halmos, P.R.},
%  isbn={9780387984032},
%  lccn={97045229},
  series={Graduate Texts in Mathematics},
  url={https://books.google.de/books?id=MXboNPdTv7QC},
  year={1998},
  publisher={Springer}
}

@book{GM,
  title={Methods of Homological Algebra},
  author={Gelfand, S.I. and Manin, Y.I.},
%  isbn={9783540435839},
%  lccn={2002190826},
  series={Springer Monographs in Mathematics},
  url={https://books.google.it/books?id=pv94ATbagxEC},
  year={2002},
  publisher={Springer Berlin Heidelberg}
}

@book{hartshorne-res,
   title =     {Residues and Duality: Lecture Notes of a Seminar on the Work of A. Grothendieck, Given at Harvard 1963-64},
   author =    {Robin Hartshorne},
   publisher = {Springer},
   % isbn =      {3540036032; 9783540036036},
   year =      {1966},
   series =    {Lecture Notes in Mathematics 20},
   edition =   {1},
   % url =       {libgen.li/file.php?md5=8e51ba615ee353b2da7a4bcb094b1008}}
}

@book{bernstein-lunts,
   title =     {Equivariant Sheaves and Functors},
   author =    {Joseph Bernstein, Valery Lunts},
   publisher = {Springer},
   % isbn =      {0387580719; 9780387580715; 9783540580713; 3540580719; 9783540484301; 3540484302},
   year =      {1994},
   series =    {Lecture Notes in Mathematics n.1578},
   edition =   {1},
   % url =       {libgen.li/file.php?md5=09537496a34ede81bbe69b9180f49f58}
}


@article{cartanDGA,
     author = {Cartan, H.},
     title = {DGA-alg\`ebres et {DGA-modules}},
     journal = {S\'eminaire Henri Cartan},
%     note = {talk:2},
     publisher = {Secr\'etariat math\'ematique},
     volume = {7},
     number = {1},
     year = {1954-1955},
%     language = {fr},
     url = {http://www.numdam.org/item/SHC_1954-1955__7_1_A2_0/}
}

@misc{wcb,
  author        = {William Crawley-Boevey},
  title         = {Lectures on representations of quivers},
%  month         = {February},
  year          = {1992},
  publisher		= {Oxford University},
  url			= {https://www.math.uni-bielefeld.de/~wcrawley/}
}

@book{witherspoon,
  title={Hochschild Cohomology for Algebras},
  author={Witherspoon, S.J.},
%  isbn={9781470449315},
%  lccn={2019034787},
  series={Graduate Studies in Mathematics},
  url={https://people.tamu.edu/~sjw/bib.html},
  year={2019},
  publisher={American Mathematical Society}
}

@misc{seidel-thomas,
      title={Braid group actions on derived categories of coherent sheaves}, 
      author={Paul Seidel and R. P. Thomas},
      year={2000},
      eprint={math/0001043},
      archivePrefix={arXiv},
      primaryClass={math.AG}
}

@misc{khovanov-seidel,
      title={Quivers, Floer cohomology, and braid group actions}, 
      author={Mikhail Khovanov and Paul Seidel},
      year={2001},
      eprint={math/0006056},
      archivePrefix={arXiv},
      primaryClass={math.QA}
}